@misc{ Nobody06,
       author = "Nobody Jr",
       title = "My Article",
       year = "2006" }
@article{wilkinson1988reciprocal,
  title={Reciprocal altruism in bats and other mammals},
  author={Wilkinson, Gerald S},
  journal={Ethology and Sociobiology},
  volume={9},
  number={2-4},
  pages={85--100},
  year={1988},
  publisher={Elsevier}
}

